@misc{unep-wcmc_global_2015,
	title = {Global distribution of islands. {Global} {Island} {Database} (version 3.0). {Based} on {Open} {Street} {Map} data (© {OpenStreetMap} contributors).},
	publisher = {Cambridge (UK): UNEP World Conservation Monitoring Centre.},
	author = {UNEP-WCMC},
	year = {2015}
}

@misc{iucn_iucn_2020,
	title = {The {IUCN} {Red} {List} of {Threatened} {Species}. {Version} 2019-3. [{Online}]},
	url = {https://www.iucnredlist.org/en},
	abstract = {Established in 1964, the IUCN Red List of Threatened Species has evolved to become the world’s most comprehensive information source on the global conservation status of animal, fungi and plant species.},
	urldate = {2020-02-20},
	journal = {IUCN Red List of Threatened Species},
	author = {IUCN},
	year = {2020}
}

@misc{iucn_conservation_2012,
	title = {Conservation {Actions} in {Place} {Classification} {Scheme} ver 2.0},
	url = {https://nc.iucnredlist.org/redlist/content/attachment_files/dec_2012_guidance_conservation_actions_in_place_classification_scheme.pdf},
	urldate = {2020-09-04},
	author = {IUCN Red List of Threatened Species},
	year = {2012}
}

@misc{unep-wcmc_protected_2019,
	title = {Protected {Planet}: {The} {World} {Database} on {Protected} {Areas} ({WDPA}) [{Online}]},
	url = {Available at: www.protectedplanet.net.},
	publisher = {Cambridge, UK: UNEP-WCMC and IUCN.},
	author = {UNEP-WCMC and IUCN},
	month = nov,
	year = {2019}
}

@misc{cites_2020,
	title = {{CITES}, The {CITES} species},
	url = {https://www.cites.org/eng/disc/species.php},
	urldate = {2020-09-04}
}

@misc{gbif_2021,
	title = {GBIF.org (21 January 2021) GBIF Occurrence Download https://doi.org/10.15468/dl.acme5g},
	url = {https://doi.org/10.15468/dl.acme5g},
	urldate = {2021-01-21}
}

@misc{speciesplus_2021,
	title = {Species+ https://speciesplus.net/},
	url = {https://speciesplus.net/},
	urldate = {2021-01-06}
}

@misc{birdlife_2020,
	title = {{BirdLife International}, {Data} {Zone, http://datazone.birdlife.org/home}},
	url = {http://datazone.birdlife.org/home},
	urldate = {2020-09-04}
}

@misc{esacci_2017,
    year = {2017},
	title = {European Space Agency Climate Change Initiative Landcover},
	authos = {{CCI, ESA}},
	url = {http://maps.elie.ucl.ac.be/CCI/viewer/download.php},
	urldate = {2020-09-04}
}


@misc{hanson_protected-areas_2020,
	title = {jeffreyhanson/global-protected-areas},
	url = {https://github.com/jeffreyhanson/global-protected-areas},
	abstract = {Automatically download and clean global protected area data},
	urldate = {2020-09-04},
	author = {Hanson, Jeffrey O.},
	month = aug,
	year = {2020},
	note = {original-date: 2016-07-26T00:14:40Z}
}

@misc{protectedplanet_best-practice_2020,
	title = {Calculating protected area coverage, https://www.protectedplanet.net/c/calculating-protected-area-coverage},
	url = {https://www.protectedplanet.net/c/calculating-protected-area-coverage},
	abstract = {Protected Planet is the online interface for the
    World Database on Protected Areas (WDPA), and the most comprehensive
    global database on terrestrial and marine protected areas.},
	urldate = {2020-09-04},
	author = {{Protected Planet}}
}

@misc{gadm_2018,
    title={Global Administrative Areas database, version 3.4},
    author={{Global Administrative Areas}},
    year={2018},
    url = {https://gadm.org/data.html}
}

@misc{30by30_2021,
    title={{https://www.campaignfornature.org/50-countries-announce-bold-commitment-to-protect-at-least-30-of-the-worlds-land-and-ocean-by-2030}},
    author={{Campaign for Nature}},
    year={2021},
    url = {https://www.campaignfornature.org/50-countries-announce-bold-commitment-to-protect-at-least-30-of-the-worlds-land-and-ocean-by-2030}
}

@book{hirsch_global_2010,
	address = {Montreal, Quebec, Canada},
	title = {Global biodiversity outlook 3.},
	isbn = {978-92-9225-220-5 92-9225-220-8},
	language = {English},
	publisher = {Secretariat of the Convention on Biological Diversity},
	author = {Hirsch, Tim and {Secretariat of the Convention on Biological Diversity}},
	year = {2010},
	file = {gbo3-final-en.pdf:C\:\\Users\\Rebecca\\Zotero\\storage\\N85SBRFX\\Hirsch_Secretariat of the Convention on Biological Diversity_2010_Global Biodiversity Outlook 3.pdf:application/pdf;Hirsch_Secretariat of the Convention on Biological Diversity_2010_Global Biodiversity Outlook 3.pdf:C\:\\Users\\Rebecca\\Google Drive\\Referencing\\Papers\\Hirsch_Secretariat of the Convention on Biological Diversity_2010_Global Biodiversity Outlook 3.pdf:application/pdf}
}

@incollection{rosa_transforming_2017,
	address = {New York, NY},
	title = {Transforming {Our} {World}: {The} 2030 {Agenda} for {Sustainable} {Development}},
	isbn = {978-0-8261-9011-6 978-0-8261-9012-3},
	shorttitle = {Transforming {Our} {World}},
	url = {http://connect.springerpub.com/lookup/doi/10.1891/9780826190123.ap02},
	language = {en},
	urldate = {2020-02-20},
	booktitle = {A {New} {Era} in {Global} {Health}},
	publisher = {Springer Publishing Company},
	editor = {Rosa, William},
	month = jun,
	year = {2017},
	doi = {10.1891/9780826190123.ap02},
	file = {Rosa - 2017 - Transforming Our World The 2030 Agenda for Sustai.pdf:C\:\\Users\\rsenior\\Zotero\\storage\\WFVEALJM\\Rosa - 2017 - Transforming Our World The 2030 Agenda for Sustai.pdf:application/pdf}
}

@book{wwf_living_2020,
	address = {Gland, Switzerland},
	title = {Living {Planet} {Report} 2020 - {Bending} the curve of biodiversity loss},
	language = {en},
	publisher = {{WWF}},
	author = {{WWF}},
	editor = {Almond, R.E.A. and Grooten, M. and Petersen, T.},
	year = {2020}
}

@article{williams_global_2021,
	title = {Global protected areas may not safeguard half the world's mammals},
	author = {Williams, David R. and Rondinini, Carlo and Tilman, David},
	year = {in prep}
}

@book{iucn_guidelines_2019,
	title = {{Guidelines for Using the IUCN Red List Categories and Criteria. Version 14. Prepared by the Standards and Petitions Committee. Downloadable from
http://www.iucnredlist.org/documents/RedListGuidelines.pdf.}},
	language = {en},
	author = {{IUCN Standards and Petitions Committee}},
	year = {2019}
}